<?xml version="1.0" encoding="UTF-8"?><collection xmlns="http://www.loc.gov/MARC21/slim"><record><leader>00522nam--2200193-i-4500</leader><controlfield tag="001">000003288</controlfield><controlfield tag="002">20161230</controlfield><controlfield tag="005">20161230201025</controlfield><controlfield tag="008">060222s1000------------r-----000-0-eng-d</controlfield><datafield ind1=" " ind2=" " tag="040"><subfield code="a">IFIN-HH</subfield></datafield><datafield ind1=" " ind2=" " tag="080"><subfield code="a">519.24</subfield></datafield><datafield ind1="1" ind2=" " tag="100"><subfield code="a">Cramer, Harald</subfield></datafield><datafield ind1="1" ind2="0" tag="245"><subfield code="a">Mathematical methods of statistics</subfield><subfield code="c">Harald cramer</subfield></datafield><datafield ind1=" " ind2=" " tag="250"><subfield code="a">7-th Printing</subfield></datafield><datafield ind1=" " ind2=" " tag="260"><subfield code="a">Princeton</subfield><subfield code="b">Princeton University Press</subfield><subfield code="c">1957</subfield></datafield><datafield ind1=" " ind2=" " tag="300"><subfield code="a">XVI+575P</subfield></datafield><datafield ind1=" " ind2=" " tag="490"><subfield code="a">Princeton Mathematical Series</subfield></datafield><datafield ind1=" " ind2=" " tag="852"><subfield code="a">13096</subfield><subfield code="c">519.24</subfield></datafield><datafield ind1=" " ind2=" " tag="CAT"><subfield code="a">Sys</subfield><subfield code="c">20130801</subfield><subfield code="h">180722</subfield></datafield></record></collection>